@article{10.1093/aje/kwq439,
	author = {Funk, Michele Jonsson and Westreich, Daniel and Wiesen, Chris and Stürmer, Til and Brookhart, M. Alan and Davidian, Marie},
	title = "{Doubly Robust Estimation of Causal Effects}",
	journal = {American Journal of Epidemiology},
	volume = {173},
	number = {7},
	pages = {761-767},
	year = {2011},
	month = {03},
	issn = {0002-9262},
	doi = {10.1093/aje/kwq439},
	dontuseurl = {https://doi.org/10.1093/aje/kwq439},
	dontuseeprint = {https://academic.oup.com/aje/article-pdf/173/7/761/17338964/kwq439.pdf},
}

@book{davison_hinkley_1997,
	author={Davison, A. C. and Hinkley, D. V.},
	title={Bootstrap Methods and their Application},
	pages={100--102},
	place={Cambridge},
	series={Cambridge Series in Statistical and Probabilistic Mathematics},
	publisher={Cambridge University Press},
	year={1997},
	doi={10.1017/CBO9780511802843},
	dontuseurl={https://doi.org/10.1017/CBO9780511802843},
}

@article{10.1002/sim.7084,
	author = {Austin, Peter C.},
	title = {Variance estimation when using inverse probability of treatment weighting (IPTW) with survival analysis},
	year = {2016},
	journal = {Statistics in Medicine},
	volume = {35},
	number = {30},
	pages = {5642-5655},
	keywords = {propensity score, survival analysis, inverse probability of treatment weighting (IPTW), Monte Carlo simulations, variance estimation, observational study},
	doi = {10.1002/sim.7084},
	dontuseurl = {https://onlinelibrary.wiley.com/doi/abs/10.1002/sim.7084},
	dontuseeprint = {https://onlinelibrary.wiley.com/doi/pdf/10.1002/sim.7084},
	dontuseurl={https://doi.org/10.1002/sim.7084},
}

@article{10.2307/2241604,
	author = {Peter Hall},
	title = {Theoretical Comparison of Bootstrap Confidence Intervals},
	journal = {The Annals of Statistics},
	number = {3},
	pages = {927--953},
	publisher = {Institute of Mathematical Statistics},
	volume = {16},
	year = {1988},
	issn = {00905364},
	doi={10.1214/aos/1176350933},
	dontuseurl = {http://www.jstor.org/stable/2241604},
	dontuseurl={https://doi.org/10.1214/aos/1176350933},
}

@article{10.3389/fphar.2019.00973,
	author={Ali, M Sanni and Prieto-Alhambra, Daniel and Lopes, Luciane Cruz and Ramos, Dandara and Bispo, Nivea and Ichihara, Maria Y. and Pescarini, Julia M. and Williamson, Elizabeth and Fiaccone, Rosemeire L. and Barreto, Mauricio L. and Smeeth, Liam},
	title={Propensity Score Methods in Health Technology Assessment: Principles, Extended Applications, and Recent Advances},
	journal={Frontiers in Pharmacology},
	volume={10},
	year={2019},
	issn={1663-9812},
	doi={10.3389/fphar.2019.00973},
	dontuseurl={https://doi.org/10.3389/fphar.2019.00973},
}

@inproceedings{Rambachan2019AnHA,
	author={Ashesh Rambachan and Jonathan Roth},
	title={An Honest Approach to Parallel Trends},
	year={2019},
	url={https://jonathandroth.github.io/assets/files/HonestParallelTrends\_Main.pdf},
}

@article{imai_kim_2021,
	author={Imai, Kosuke and Kim, In Song},
	title={On the Use of Two-Way Fixed Effects Regression Models for Causal Inference with Panel Data},
	volume={29},
	number={3},
	journal={Political Analysis},
	publisher={Cambridge University Press},
	year={2021},
	pages={405–415},
	doi={10.1017/pan.2020.33},
	dontuseurl={https://doi.org/10.1017/pan.2020.33},
}


@article{10.1257/aer.20181169,
	author = {de Chaisemartin, Cl\'ement and D'Haultfœuille, Xavier},
	title = {Two-Way Fixed Effects Estimators with Heterogeneous Treatment Effects},
	journal = {American Economic Review},
	volume = {110},
	number = {9},
	year = {2020},
	month = {September},
	pages = {2964-96},
	doi = {10.1257/aer.20181169},
	dontuseurl = {https://www.aeaweb.org/articles?id=10.1257/aer.20181169},
}

@article{10.1257/aeri.20210236,
	author = {Roth, Jonathan},
	title = {Pretest with Caution: Event-Study Estimates after Testing for Parallel Trends},
	journal = {American Economic Review: Insights},
	volume = {4},
	number = {3},
	year = {2022},
	month = {September},
	pages = {305-22},
	doi = {10.1257/aeri.20210236},
	dontuseurl = {https://www.aeaweb.org/articles?id=10.1257/aeri.20210236},
}

@article{egami_yamauchi_2022,
	author={Egami, Naoki and Yamauchi, Soichiro},
	title={Using Multiple Pretreatment Periods to Improve Difference-in-Differences and Staggered Adoption Designs},
	journal={Political Analysis},
	publisher={Cambridge University Press},
	year={2022},
	pages={1–18},
	doi={10.1017/pan.2022.8},
	dontuseurl={https://doi.org/10.1017/pan.2022.8},
}

@article{Li_2017,
	author = {Fan Li and Kari Lock Morgan and Alan M. Zaslavsky},
	title = {Balancing Covariates via Propensity Score Weighting},
	journal = {Journal of the American Statistical Association},
	volume = {113},
	number = {521},
	pages = {390-400},
	year = {2018},
	publisher = {Taylor \& Francis},
	doi = {10.1080/01621459.2016.1260466},
	archivePrefix = {arXiv},
	primaryClass = {stat.ME},
	eprint = {1404.1785},
	dontuseurl = {https://doi.org/10.1080/01621459.2016.1260466},
}

@article{10.2307/27645858,
	author = {Joseph D. Y. Kang and Joseph L. Schafer},
	title = {Demystifying Double Robustness: A Comparison of Alternative Strategies for Estimating a Population Mean from Incomplete Data},
	issn = {08834237},
	url = {http://www.jstor.org/stable/27645858},
	journal = {Statistical Science},
	number = {4},
	pages = {523--539},
	publisher = {Institute of Mathematical Statistics},
	volume = {22},
	year = {2007}
}

@article{10.1111/0034-6527.00321,
	author = {Abadie, Alberto},
	title = "{Semiparametric Difference-in-Differences Estimators}",
	journal = {The Review of Economic Studies},
	volume = {72},
	number = {1},
	pages = {1-19},
	year = {2005},
	month = {01},
	issn = {0034-6527},
	doi = {10.1111/0034-6527.00321},
	dontuseurl = {https://doi.org/10.1111/0034-6527.00321},
	dontuseeprint = {https://academic.oup.com/restud/article-pdf/72/1/1/18327455/72-1-1.pdf},
}

@article{SANTANNA2020101,
	author = {Pedro H.C. Sant’Anna and Jun Zhao},
	title = {Doubly robust difference-in-differences estimators},
	journal = {Journal of Econometrics},
	volume = {219},
	number = {1},
	pages = {101-122},
	year = {2020},
	issn = {0304-4076},
	doi = {10.1016/j.jeconom.2020.06.003},
	dontuseurl = {https://doi.org/10.1016/j.jeconom.2020.06.003},
	dontuseurl = {https://www.sciencedirect.com/science/article/pii/S0304407620301901},
}

@article{Breiman2001Statistical,
	journal={Statistical Science},
	doi={10.1214/ss/1009213726},
	issn={0883-4237, 2168-8745},
	number=3,
	language={en},
	note={MR: MR1874152 Zbl: 1059.62505},
	title={Statistical Modeling: The Two Cultures (with comments and a rejoinder by the author)},
	volume=16,
	author={Breiman, Leo},
	pages={199--231},
	date={2001-08},
	year=2001,
	month=8,
}

@book{Hastie2009Elements,
	edition={2 edition},
	language={English},
	note=00007,
	numpages=745,
	publisher={Springer New York},
	title={The Elements of Statistical Learning},
	author={Hastie, Trevor and Tibshirani, Robert and Friedman, Jerome},
	date={2009-08-26},
	year=2009,
	month=8,
	day=26,
}

@article{Daoud2020Statistical,
	journal={arXiv:2012.04570 [cs, stat]},
	note={arXiv: 2012.04570},
	title={Statistical modeling: the three cultures},
	dontuseurl={http://arxiv.org/abs/2012.04570},
	author={Daoud, Adel and Dubhashi, Devdatt},
	date={2020-12-08},
	year=2020,
	month=12,
	day=8,
}

@article{Kino2021scoping,
	journal={SSM - Population Health},
	doi={10.1016/j.ssmph.2021.100836},
	issn={2352-8273},
	language={en},
	title={A scoping review on the use of machine learning in research on social determinants of health: Trends and research prospects},
	volume=15,
	author={Kino, Shiho and Hsu, Yu-Tien and Shiba, Koichiro and Chien, Yung-Shin and Mita, Carol and Kawachi, Ichiro and Daoud, Adel},
	pages=100836,
	date={2021-09-01},
	year=2021,
	month=9,
	day=1,
}

@book{Imbens2015Causal,
	edition={1 edition},
	isbn={978-0-521-88588-1},
	language={English},
	note=00005,
	numpages=644,
	publisher={Cambridge University Press},
	address={New York},
	title={Causal Inference for Statistics, Social, and Biomedical Sciences: An Introduction},
	author={Imbens, Guido W. and Rubin, Donald B.},
	date={2015-04-06},
	year=2015,
	month=4,
	day=6,
}

@book{Hernan2020Causal,
	edition={1st Edition},
	isbn={978-1-4200-7616-5},
	language={English},
	numpages=352,
	publisher={CRC Press},
	title={Causal Inference},
	author={Hernan, Miguel A. and Robins, James M.},
	date=2020,
	year=2020,
}

@book{Pearl2009Causality,
	edition={2nd edition},
	isbn={978-0-521-89560-6},
	language={English},
	numpages=484,
	publisher={Cambridge University Press},
	address={Cambridge, U.K. ; New York},
	title={Causality: Models, Reasoning and Inference},
	author={Pearl, Judea},
	date={2009-09-14},
	year=2009,
	month=9,
	day=14,
}

@book{Peters2017Elements,
	isbn={978-0-262-03731-0},
	language={English},
	numpages=288,
	publisher={The MIT Press},
	address={Cambridge, Massachuestts},
	title={Elements of Causal Inference: Foundations and Learning Algorithms},
	author={Peters, Jonas and Janzing, Dominik and Schölkopf, Bernhard},
	date={2017-11-29},
	year=2017,
	month=11,
	day=29,
}

@book{Angrist2014Mastering,
	edition={with French flaps Edition},
	isbn={978-0-691-15284-4},
	language={English},
	numpages=304,
	publisher={Princeton University Press},
	address={Princeton ; Oxford},
	title={Mastering 'Metrics: The Path from Cause to Effect},
	author={Angrist, Joshua D. and Pischke, Jörn-Steffen},
	date={2014-12-21},
	year=2014,
	month=12,
	day=21,
}

@article{Athey2017State,
	journal={Journal of Economic Perspectives},
	doi={10.1257/jep.31.2.3},
	issn={0895-3309},
	number=2,
	title={The State of Applied Econometrics: Causality and Policy Evaluation},
	volume=31,
	author={Athey, Susan and Imbens, Guido W.},
	pages={3--32},
	date={2017-05},
	year=2017,
	month=5,
}

@article{Athey2019Generalized,
	journal={The Annals of Statistics},
	doi={10.1214/18-AOS1709},
	issn={0090-5364, 2168-8966},
	number=2,
	language={EN},
	title={Generalized random forests},
	volume=47,
	author={Athey, Susan and Tibshirani, Julie and Wager, Stefan},
	pages={1148--1178},
	date={2019-04},
	year=2019,
	month=4,
}

@article{Chernozhukov2018Double/debiased,
	journal={The Econometrics Journal},
	doi={10.1111/ectj.12097},
	issn={1368-4221},
	number=1,
	language={en},
	note={publisher: Oxford Academic},
	title={Double/debiased machine learning for treatment and structural parameters},
	volume=21,
	author={Chernozhukov, Victor and Chetverikov, Denis and Demirer, Mert and Duflo, Esther and Hansen, Christian and Newey, Whitney and Robins, James},
	pages={C1--C68},
	date={2018-02-01},
	year=2018,
	month=2,
	day=1,
}

@article{Daoud2020Combining,
	journal={arXiv:2007.15550 [econ, q-fin]},
	note={arXiv: 2007.15550},
	title={Combining distributive ethics and causal Inference to make trade-offs between austerity and population health},
	dontuseurl={http://arxiv.org/abs/2007.15550},
	author={Daoud, Adel and Herlitz, Anders and Subramanian, S. V.},
	date={2020-08-10},
	year=2020,
	month=8,
	day=10,
}

@article{Daoud2019Predicting,
	journal={Social Science and Medicine},
	doi={10.1016/j.socscimed.2019.112486},
	issn={0277-9536},
	title={Predicting women's height from their socioeconomic status: A machine learning approach},
	volume=238,
	author={Daoud, Adel and Kim, Rockli and Subramanian, S. V.},
	pages=112486,
	date={2019-10-01},
	year=2019,
	month=10,
	day=1,
}

@article{Daoud2020Estimating,
	journal={SocArXiv},
	doi={osf.io/preprints/socarxiv/awfjt},
	title={Estimating Treatment Heterogeneity of International Monetary Fund Programs on Child Poverty with Generalized Random Forest},
	author={Daoud, Adel and Johansson, Fredrik},
	date=2020,
	year=2020,
}

@article{Hedstrom2015Recent,
	journal={Sociological Methods and Research},
	doi={10.1177/0049124115581211},
	issn={0049-1241, 1552-8294},
	number=2,
	language={en},
	note=00002,
	title={Recent Trends in Agent-based Computational Research A Brief Introduction},
	volume=44,
	author={Hedström, Peter and Manzo, Gianluca},
	pages={179--185},
	date={2015-05-01},
	year=2015,
	month=5,
	day=1,
}

@article{Hill2011Bayesian,
	journal={Journal of Computational and Graphical Statistics},
	doi={10.1198/jcgs.2010.08162},
	issn={1061-8600},
	number=1,
	title={Bayesian Nonparametric Modeling for Causal Inference},
	volume=20,
	author={Hill, Jennifer L.},
	pages={217--240},
	date={2011-01-01},
	year=2011,
	month=1,
	day=1,
	dontuseurl={https://doi.org/10.1198/jcgs.2010.08162},
}

@article{Hirshberg2017On,
	journal={Epidemiology},
	doi={10.1097/EDE.0000000000000735},
	issn={1044-3983},
	number=6,
	language={en-US},
	title={On Two Approaches to Weighting in Causal Inference},
	volume=28,
	author={Hirshberg, David A. and Zubizarreta, José R.},
	pages=812,
	date={2017-11},
	year=2017,
	month=11,
}

@book{Imai2018Quantitative,
	edition={Illustrated Edition},
	isbn={978-0-691-17546-1},
	language={English},
	numpages=432,
	publisher={Princeton University Press},
	address={Princeton},
	title={Quantitative Social Science: An Introduction},
	author={Imai, Kosuke},
	date={2018-02-09},
	year=2018,
	month=2,
	day=9,
}

@article{Kraamwinkel2019influence,
	journal={PLOS ONE},
	doi={10.1371/journal.pone.0208937},
	issn={1932-6203},
	number=1,
	language={en},
	title={The influence of maternal agency on severe child undernutrition in conflict-ridden Nigeria: Modeling heterogeneous treatment effects with machine learning},
	volume=14,
	author={Kraamwinkel, Nadine and Ekbrand, Hans and Davia, Stefania and Daoud, Adel},
	pages={e0208937},
	date={2019-01-09},
	year=2019,
	month=1,
	day=9,
}

@book{Laan2011Targeted,
	note=00310,
	publisher={Springer},
	title={Targeted Learning - Causal Inference for Observational},
	author={van der Laan, Mark and Rose, Mark},
	date=2011,
	year=2011,
}

@book{Morgan2014Counterfactuals,
	edition={2 edition},
	isbn={978-1-107-69416-3},
	language={English},
	note=00000,
	numpages=515,
	publisher={Cambridge University Press},
	address={New York, NY},
	title={Counterfactuals and Causal Inference: Methods and Principles for Social Research},
	author={Morgan, Stephen L. and Winship, Christopher},
	date={2014-11-17},
	year=2014,
	month=11,
	day=17,
}

@book{Pearl2018Book,
	edition={1 edition},
	isbn={978-0-465-09760-9},
	language={English},
	numpages=432,
	publisher={Basic Books},
	address={New York},
	title={The Book of Why: The New Science of Cause and Effect},
	author={Pearl, Judea and Mackenzie, Dana},
	date={2018-05-15},
	year=2018,
	month=5,
	day=15,
}

@article{Sekhon2009Opiates,
	journal={Annual Review of Political Science},
	doi={10.1146/annurev.polisci.11.060606.135444},
	number=1,
	title={Opiates for the Matches: Matching Methods for Causal Inference},
	volume=12,
	author={Sekhon, Jasjeet S.},
	pages={487--508},
	date=2009,
	year=2009,
}

@article{Shiba2021Estimating,
	journal={Epidemiology},
	doi={10.1097/EDE.0000000000001395},
	issn={1044-3983},
	language={en-US},
	title={Estimating the impact of sustained social participation on depressive symptoms in older adults},
	dontuseurl={https://journals.lww.com/epidem/abstract/9000/estimating_the_impact_of_sustained_social.98254.aspx},
	author={Shiba, Koichiro and Torres, Jacqueline M. and Daoud, Adel and Inoue, Kosuke and Kanamori, Satoru and Tsuji, Taishi and Kamada, Masamitsu and Kondo, Katsunori and Kawachi, Ichiro},
	note={[Online; accessed 2021-09-15]},
	date={2021-09-02},
	year=2021,
	month=9,
	day=2,
}

@book{VanderWeele2015Explanation,
	isbn={978-0-19-932587-0},
	numpages=728,
	publisher={Oxford University Press},
	address={Oxford, New York},
	title={Explanation in Causal Inference: Methods for Mediation and Interaction},
	author={VanderWeele, Tyler},
	date={2015-04-02},
	year=2015,
	month=4,
	day=2,
}

@article{Kunzel2018Meta-learners,
	journal={arXiv:1706.03461 [math, stat]},
	note={arXiv: 1706.03461},
	title={Meta-learners for Estimating Heterogeneous Treatment Effects using Machine Learning},
	dontuseurl={http://arxiv.org/abs/1706.03461},
	author={Künzel, Sören R. and Sekhon, Jasjeet S. and Bickel, Peter J. and Yu, Bin},
	date={2018-10-01},
	year=2018,
	month=10,
	day=1,
}

@article{Nie2017Learning,
	journal={arXiv:1712.04912 [econ, math, stat]},
	note={arXiv: 1712.04912},
	title={Learning Objectives for Treatment Effect Estimation},
	dontuseurl={http://arxiv.org/abs/1712.04912},
	author={Nie, Xinkun and Wager, Stefan},
	date={2017-12-13},
	year=2017,
	month=12,
	day=13,
}

@article{Meng2020What,
	journal={Harvard Data Science Review},
	doi={10.1162/99608f92.a3e88876},
	issn={,},
	language={en},
	note={publisher: PubPub},
	title={What Is Your List of 10 Challenges in Data Science?},
	dontuseurl={https://hdsr.mitpress.mit.edu/pub/9ptj5iu7/release/2},
	author={Meng, Xiao-Li},
	date={2020-07-30},
	year=2020,
	month=7,
	day=30,
}

@article{mullainathanMachineLearningApplied2017,
	journal={Journal of Economic Perspectives},
	doi={10.1257/jep.31.2.87},
	issn={0895-3309},
	number=2,
	title={Machine Learning: An Applied Econometric Approach},
	volume=31,
	author={Mullainathan, Sendhil and Spiess, Jan},
	pages={87--106},
	date={2017-05},
	year=2017,
	month=5,
}

@article{breimanRandomForests2001,
	journal={Machine Learning},
	doi={10.1023/A:1010933404324},
	issn={1573-0565},
	number=1,
	title={Random Forests},
	volume=45,
	author={Breiman, Leo},
	pages={5--32},
	date={2001-10-01},
	year=2001,
	month=5,
}
